@article{Hu:2002mr,
      author         = "Hu, Wayne and Okamoto, Takemi",
      title          = "{Mass Reconstruction with CMB Polarization}",
      journal        = "Astrophys. J.",
      volume         = "574",
      year           = "2002",
      number         = "2",
      pages          = "566-574",
      doi            = "10.1086/341110",
      eprint         = "astro-ph/0111606",
      archivePrefix  = "arXiv",
      primaryClass   = "astro-ph",
      SLACcitation   = "%%CITATION = ASTRO-PH/0111606;%%"
}
@article{Takahashi:2008to,
      author         = "Takahashi, Ryuichi",
      title          = "{Third-Order Density Perturbation and One-Loop Power Spectrum in Dark-Energy-Dominated Universe}",
      journal        = "Prog. Theor. Phys.",
      volume         = "120",
      year           = "2008",
      number         = "3",
      pages          = "549–559",
      doi            = "10.1143/PTP.120.549",
      eprint         = "0806.1437",
      archivePrefix  = "arXiv",
      primaryClass   = "astro-ph.CO",
      SLACcitation   = "%%CITATION = ARXIV:0806.1437;%%"
}
@article{Goroff:1986sts,
      author         = "Goroff, M. H. and Grinstein, Benjamin and Rey, S.-J. and Wise, Mark B.",
      title          = "{Coupling of Modes of Cosmological Mass Density Fluctuations}",
      journal        = "Astrophys. J.",
      volume         = "311",
      year           = "1986",
      pages          = "6-14",
      doi            = "10.1086/164749",
}
@article{Jain:1994sop,
      author         = "Jain, Bhuvnesh and Bertschinger, Edmund",
      title          = "{Second-Order Power Spectrum and Nonlinear Evolution at High Redshift}",
      journal        = "Astrophys. J.",
      volume         = "431",
      year           = "1994",
      number         = "2",
      pages          = "495-505",
      doi            = "10.1086/174502",
      eprint         = "astro-ph/9311070",
      archivePrefix  = "arXiv",
      primaryClass   = "astro-ph",
      SLACcitation   = "%%CITATION = ARXIV:9311070;%%"
}
@article{Klypin:2014nov,
      author         = "Klypin, Anatoly and Yepes, Gustavo and Gottlober, Stefan and Prada, Francisco and Hess, Steffen",
      title          = "{MultiDark Simulations: the Story of Dark Matter Halo Concentrations and Density Profiles}",
      journal        = "Mon. Not. Roy. Astron. Soc.",
      volume         = "457",
      year           = "2014",
      number         = "4",
      pages          = "4340-4359",
      doi            = "10.1093/mnras/stw248",
      eprint         = "1411.4001",
      archivePrefix  = "arXiv",
      primaryClass   = "astro-ph.CO",
      SLACcitation   = "%%CITATION = ARXIV:1411.4001;%%"
}
@article{Hand:2018nby,
      author         = "Hand, Nick and Feng, Yu and Beutler, Florian and Li, Yin and Modi, Chirag and Seljak, Uroš and Slepian, Zachary",
      title          = "{nbodykit: An Open-source, Massively Parallel Toolkit for Large-scale Structure}",
      journal        = "Astrophys. J.",
      volume         = "156",
      year           = "2018",
      number         = "4",
      pages          = "160",
      doi            = "10.3847/1538-3881/aadae0",
      eprint         = "1712.05834",
      archivePrefix  = "arXiv",
      primaryClass   = "astro-ph.CO",
      SLACcitation   = "%%CITATION = ARXIV:1712.05834;%%"
}
@article{Makino:1992fs,
      author         = "Makino, Nobuyoshi and Sasaki Misao and Suto Yasushi",
      title          = "{Analytic Approach to the Perturbative Expansion of Nonlinear Gravitational Fluctuations in Cosmological Density and Velocity Fields}",
      journal        = "Phys. Rev. D",
      volume         = "46",
      year           = "1992",
      pages          = "585",
      doi            = "10.1103/PhysRevD.46.585",
}
@article{Chiang:2014pos,
      author         = "Chiang, Chi-Ting and Wagner, Christian and Schmidt, Fabian and Komatsu, Eiichiro",
      title          = "{Position-Dependent Power Spectrum of the Large-Scale Structure: a Novel Method to Measure the Squeezed-Limit Bispectrum}",
      journal        = "J. Cosmol. Astropart. P.",
      volume         = "05",
      year           = "2014",
      pages          = "048",
      doi            = "10.1088/1475-7516/2014/05/048",
      eprint         = "1403.3411",
      archivePrefix  = "arXiv",
      primaryClass   = "astro-ph.CO",
      SLACcitation   = "%%CITATION = ARXIV:1403.3411;%%"
}
@article{Barreira:2017res,
      author         = "Barreira, Alexandre and Schimidt, Fabian",
      title          = "{Responses in Large-Scale Structure}",
      journal        = "J. Cosmol. Astropart. P.",
      volume         = "06",
      year           = "2017",
      pages          = "03",
      doi            = "10.1088/1475-7516/2017/06/053",
      eprint         = "1703.09212",
      archivePrefix  = "arXiv",
      primaryClass   = "astro-ph.CO",
      SLACcitation   = "%%CITATION = ARXIV:1703.09212;%%"
}
@article{Baldauf:2011fer,
      author         = "Baldauf, Tobias and Seljak, Uroš and Senatore, Leonardo and Zaldarriaga, Matias",
      title          = "{Galaxy Bias and Non-Linear Structure Formation in General Relativity}",
      journal        = "J. Cosmol. Astropart. P.",
      volume         = "10",
      year           = "2011",
      pages          = "031",
      doi            = "10.1088/1475-7516/2011/10/031",
      eprint         = "1106.5507",
      archivePrefix  = "arXiv",
      primaryClass   = "astro-ph.CO",
      SLACcitation   = "%%CITATION = ARXIV:1106.5507;%%"
}
@article{Chiang:2015poss,
      author         = "Chiang, Chi-Ting and Wagner, Christian and Sánchez, Ariel G. and Schmidt, Fabian and Komatsu, Eiichiro",
      title          = "{Position-Dependent Correlation Function from the SDSS-III Baryon Oscillation Spectroscopic Survey Data Release 10 CMASS Sample}",
      journal        = "J. Cosmol. Astropart. P.",
      volume         = "09",
      year           = "2015",
      pages          = "028",
      doi            = "10.1088/1475-7516/2015/09/028",
      eprint         = "1504.03322",
      archivePrefix  = "arXiv",
      primaryClass   = "astro-ph.CO",
      SLACcitation   = "%%CITATION = ARXIV:1504.03322;%%"
}
@article{Planck:2014cos,
      author         = "{Planck Collaboration}",
      title          = "{Planck 2013 Results. XVI. Cosmological Parameters}",
      journal        = "Astron. Astrophys.",
      volume         = "571",
      year           = "2014",
      pages          = "66",
      doi            = "10.1051/0004-6361/201321591",
      eprint         = "1303.5076",
      archivePrefix  = "arXiv",
      primaryClass   = "astro-ph.CO",
      SLACcitation   = "%%CITATION = ARXIV:1303.5076;%%"
}
@article{Bernardeau:2002rev,
      author         = "Bernardeau, F. and Colombi, S. and Gaztañaga, E. and Scoccimarro",
      title          = "{Large-Scale Structure of the Universe and Cosmological Perturbation Theory
}",
      journal        = "Phys. Rept.",
      volume         = "367",
      year           = "2012",
      pages          = "1-248",
      doi            = "10.1016/S0370-1573(02)00135-7",
      eprint         = "astro-ph/0112551",
      archivePrefix  = "arXiv",
      primaryClass   = "astro-ph",
      SLACcitation   = "%%CITATION = ARXIV:0112551;%%"
}
@article{Desjacques:2018rev,
      author         = "Desjacques, Vincent and Jeong, Donghui and Schmidt, Fabian",
      title          = "{Large-Scale Galaxy Bias}",
      journal        = "Phys. Rept.",
      volume         = "733",
      year           = "2018",
      pages          = "1-193",
      doi            = "10.1016/j.physrep.2017.12.002",
      eprint         = "1611.09787",
      archivePrefix  = "arXiv",
      primaryClass   = "astro-ph.CO",
      SLACcitation   = "%%CITATION = ARXIV:1611.09787;%%"
}
@article{Jeong:2012ls,
      author         = "Jeong, Donghui and Schmidt, Fabian and Hirata, Christopher M.",
      title          = "{Large-Scale Clustering of Galaxies in General Relativity}",
      journal        = "Phys. Rev. D",
      volume         = "85",
      year           = "2012",
      pages          = "023504",
      doi            = "10.1103/PhysRevD.85.023504",
      eprint         = "1107.5427",
      archivePrefix  = "arXiv",
      primaryClass   = "astro-ph.CO",
      SLACcitation   = "%%CITATION = ARXIV:1107.5427;%%"
}
@article{Kaiser:1987rsd,
      author         = "Kaiser, Nick",
      title          = "{Clustering in Real Space and in Redshift Space}",
      journal        = "Mon. Not. Roy. Astron. Soc.",
      volume         = "227",
      year           = "1987",
      pages          = "1-21",
      doi            = "10.1093/mnras/227.1.1",
}
@article{Hu:2001dt,
      author         = "Hu, Wayne",
      title          = "{Mapping the Dark Matter through the Cosmic Microwave Background Damping Tail}",
      journal        = "Astrophys. J.",
      volume         = "557",
      year           = "2001",
      number         = "2",
      pages          = "L79–L83",
      doi            = "10.1086/323253",
      eprint         = "astro-ph/0105424",
      archivePrefix  = "arXiv",
      primaryClass   = "astro-ph",
      SLACcitation   = "%%CITATION = ASTRO-PH/0105424;%%"
}
@article{Li:2014ssc,
      author         = "Li, Yin and Hu, Wayne and Takada, Masahiro",
      title          = "{Super-Sample Signal}",
      journal        = "Phys. Rev. D",
      volume         = "90",
      number         = "10",
      year           = "2014",
      pages          = "103530",
      doi            = "10.1103/PhysRevD.90.103530",
      eprint         = "1408.1081",
      archivePrefix  = "arXiv",
      primaryClass   = "astro-ph.CO",
      SLACcitation   = "%%CITATION = ARXIV:1408.1081;%%"
}
@article{Masui:2010prim,
      author         = "Masui, Kiyoshi Wesley and Pen, Ue-Li",
      title          = "{Primordial Gravity Wave Fossils and Their Use in Testing Inflation}",
      journal        = "Phys. Rev. Lett.",
      volume         = "105",
      year           = "2010",
      pages          = "161302",
      doi            = "10.1103/PhysRevLett.105.161302",
      eprint         = "1006.4181",
      archivePrefix  = "arXiv",
      primaryClass   = "astro-ph.CO",
      SLACcitation   = "%%CITATION = ARXIV:1006.4181;%%"
}
@article{Jeong:2012foss,
      author         = "Jeong, Donghui and Kamionkowski, Marc",
      title          = "{Clustering Fossils from the Early Universe}",
      journal        = "Phys. Rev. Lett.",
      volume         = "108",
      year           = "2012",
      pages          = "251301",
      doi            = "10.1103/PhysRevLett.108.251301",
      eprint         = "1203.0302",
      archivePrefix  = "arXiv",
      primaryClass   = "astro-ph.CO",
      SLACcitation   = "%%CITATION = ARXIV:1203.0302;%%"
}
@article{Zhu:2016tidal,
      author         = "Zhu, Hong-Ming and Pen, Ue-Li and Yu, Yu and Er, Xinzhong and Chen, Xuelei",
      title          = "{Cosmic Tidal Reconstruction}",
      journal        = "Phys. Rev. D",
      volume         = "93",
      year           = "2016",
      pages          = "103504",
      doi            = "10.1103/PhysRevD.93.103504",
      eprint         = "1511.04680",
      archivePrefix  = "arXiv",
      primaryClass   = "astro-ph.CO",
      SLACcitation   = "%%CITATION = ARXIV:1511.04680;%%"
}
@article{Zhu:2018cm,
      author         = "Zhu, Hong-Ming and Pen, Ue-Li and Yu, Yu and Chen, Xuelei",
      title          = "{Recovering Lost 21 cm Radial Modes via Cosmic Tidal Reconstruction}",
      journal        = "Phys. Rev. D",
      volume         = "98",
      year           = "2018",
      pages          = "043511",
      doi            = "10.1103/PhysRevD.98.043511",
      eprint         = "1610.07062",
      archivePrefix  = "arXiv",
      primaryClass   = "astro-ph.CO",
      SLACcitation   = "%%CITATION = ARXIV:1610.07062;%%"
}
@article{Wfirst:2012jg,
      author         = "WFIRST Science Definition Team",
      title          = "{Wide-Field InfraRed Survey Telescope (WFIRST) Final Report}",
      eprint         = "1208.4012",
      archivePrefix  = "arXiv",
      primaryClass   = "astro-ph.IM",
      SLACcitation   = "%%CITATION = ARXIV:1208.4012;%%"
}
@article{LSST:2012ls,
      author         = "LSST Daek Energy Science Collaboration",
      title          = "{Large Synoptic Survey Telescope: Dark Energy Science Collaboration}",
      eprint         = "1211.0310",
      archivePrefix  = "arXiv",
      primaryClass   = "astro-ph.CO",
      SLACcitation   = "%%CITATION = ARXIV:1211.0310;%%"
}
@article{Jasche:2013bay,
      author         = "Jasche, Jens and Wandelt, Benjamin D.",
      title          = "{Bayesian Physical Reconstruction of Initial Conditions from Large-scale Structure Surveys}",
      journal        = "Mon. Not. Roy. Astron. Soc.",
      volume         = "432",
      number         = "2",
      year           = "2013",
      pages          = "894–913",
      doi            = "10.1093/mnras/stt449",
      eprint         = "1203.3639",
      archivePrefix  = "arXiv",
      primaryClass   = "astro-ph.CO",
      SLACcitation   = "%%CITATION = ARXIV:1203.3639;%%"
}
@article{Leclercq:2013remp,
      author         = "Leclercq, Florent and Jasche, Jens and Gil-Marín ,Héctor and Wandelt, Benjamin D.",
      title          = "{One-Point Remapping of Lagrangian Perturbation Theory in the Mildly Non-Linear Regime of Cosmic Structure Formation}",
      journal        = "J. Cosmol. Astropart. P.",
      volume         = "11",
      year           = "2013",
      pages          = "048",
      doi            = "10.1088/1475-7516/2013/11/048",
      eprint         = "1305.4642",
      archivePrefix  = "arXiv",
      primaryClass   = "astro-ph.CO",
      SLACcitation   = "%%CITATION = ARXIV:1305.4642;%%"
}
@article{Seljak:2017opt,
      author         = "Seljak, Uroš and Aslanyan, Grigor and Feng, Yu and Modi, Chirag",
      title          = "{Towards Optimal Extraction of Cosmological Information from Nonlinear Data}",
      journal        = "J. Cosmol. Astropart. P.",
      volume         = "11",
      year           = "2017",
      pages          = "009",
      doi            = "10.1088/1475-7516/2017/12/009",
      eprint         = "1706.06645",
      archivePrefix  = "arXiv",
      primaryClass   = "astro-ph.CO",
      SLACcitation   = "%%CITATION = ARXIV:1706.06645;%%"
}
@article{Foreman:2018line,
      author         = "Foreman, Simon and Meerburg, P. Daniel and Engelen, Alexander van and Meyers, Joel",
      title          = "{Lensing Reconstruction from Line Intensity Maps: the Impact of Gravitational Nonlinearity}",
      journal        = "J. Cosmol. Astropart. P.",
      volume         = "07",
      year           = "2018",
      pages          = "046",
      doi            = "10.1088/1475-7516/2018/07/046",
      eprint         = "1803.04975",
      archivePrefix  = "arXiv",
      primaryClass   = "astro-ph.CO",
      SLACcitation   = "%%CITATION = ARXIV:1803.04975;%%"
}
@article{Akitsu:2018dist,
      author         = "Akitsu, Kazuyuki and Takada, Masahiro",
      title          = "{The Impact of Large-Scale Tides on Cosmological Distortions via Redshift-Space Power Spectrum}",
      journal        = "Phys. Rev. D",
      volume         = "97",
      year           = "2018",
      pages          = "063527",
      doi            = "10.1103/PhysRevD.97.063527",
      eprint         = "1711.00012",
      archivePrefix  = "arXiv",
      primaryClass   = "astro-ph.CO",
      SLACcitation   = "%%CITATION = ARXIV:1711.00012;%%"
}
@article{Modi:2019hydr,
      author         = "Modi, Chirag and White, Martin and Slosar, Anže and Castorina, Emanuele",
      title          = "{Reconstructing Large-Scale Structure with Neutral Hydrogen Surveys}",
      journal        = "J. Cosmol. Astropart. P.",
      volume         = "11",
      year           = "2019",
      pages          = "023",
      doi            = "10.1088/1475-7516/2019/11/023",
      eprint         = "1907.02330",
      archivePrefix  = "arXiv",
      primaryClass   = "astro-ph.CO",
      SLACcitation   = "%%CITATION = ARXIV:1907.02330;%%"
}
@article{Karkare:2019delen,
      author         = "Karkare, Kirit S.",
      title          = "{Delensing Degree-Scale B-Mode Polarization with High-Redshift Line Intensity Mapping}",
      journal        = "Phys. Rev. D",
      volume         = "100",
      year           = "2019",
      pages          = "043529",
      doi            = "10.1103/PhysRevD.100.043529",
      eprint         = "1908.08128",
      archivePrefix  = "arXiv",
      primaryClass   = "astro-ph.CO",
      SLACcitation   = "%%CITATION = ARXIV:1908.08128;%%"
}
@article{Kosowsky:2009ksz,
      author         = "Kosowsky, Arthur and Bhattacharya, Suman",
      title          = "{A Future Test of Gravitation Using Galaxy Cluster Velocities}",
      journal        = "Phys. Rev. D",
      volume         = "80",
      year           = "2009",
      pages          = "062003",
      doi            = "10.1103/PhysRevD.80.062003",
      eprint         = "0907.4202",
      archivePrefix  = "arXiv",
      primaryClass   = "astro-ph.CO",
      SLACcitation   = "%%CITATION = ARXIV:0907.4202;%%"
}
@article{Hearin:2011anom,
      author         = "Hearin, Andrew P. and Gibelyou, Cameron and Zentner, Andrew R.",
      title          = "{Testing the Origin of the CMB Large-Angle Correlation Deficit with a Galaxy Imaging Survey}",
      journal        = "J. Cosmol. Astropart. P.",
      volume         = "10",
      year           = "2019",
      pages          = "012",
      doi            = "10.1088/1475-7516/2011/10/012",
      eprint         = "1108.2269",
      archivePrefix  = "arXiv",
      primaryClass   = "astro-ph.CO",
      SLACcitation   = "%%CITATION = ARXIV:1108.2269;%%"
}
@article{Gil-Marin:2018SDSS,
      author         = "Gil-Marín, Héctor and others",
      title          = "{The Clustering of the SDSS-IV Extended Baryon Oscillation Spectroscopic Survey DR14 Quasar Sample: Structure Growth Rate Measurement from the Anisotropic Quasar Power Spectrum in the Redshift Range 0.8 < z < 2.2}",
      journal        = "Mon. Not. Roy. Astron. Soc.",
      volume         = "477",
      number         = "2",
      year           = "2018",
      pages          = "1604-1638",
      doi            = "10.1093/mnras/stt449",
      eprint         = "1801.02689",
      archivePrefix  = "arXiv",
      primaryClass   = "astro-ph.CO",
      SLACcitation   = "%%CITATION = ARXIV:1801.02689;%%"
}



